// 1.elektronicky dokument
@Misc{Wiki_Hieroglyfy,
AUTHOR = "Wikipedia",
TITLE = "Egyptian hieroglyphs",
HOWPUBLISHED = "online",
REVISITED = "Posledná zmena 12. apríla 2016",
CITED = "!2016-04-14",
URL = "http://en.wikipedia.org/wiki Egyptian\_hieroglyphs",
}

// 2.elektronicky dokument
@Misc{Wiki_Egyptske_Pismo,
AUTHOR = "Wikipedia",
TITLE = "Egyptské hieroglyfy",
HOWPUBLISHED = "online",
REVISITED = "Posledná zmena 12. apríla 2015",
CITED = "!2016-04-14",
URL = "http://cs.wikipedia.org/wiki/Egyptske\_hieroglyfy"}


// 3.elektronicky dokument
@Misc{citanie_hieroglyfov,
AUTHOR = "Pavel Felgr",
TITLE = "Jak číst hieroglyfy",
PUBLISHER = "Starovekyegypt.net",
YEAR = "2012",
URL= "http://www.starovekyegypt.net/jak-cist-hieroglyfy"}



//-- ELEKTRONICKE DONE --
//-------------------------------------------------------

//-- Casopis --
//----------------------------------------
@InProceedings{Hieroglyfy_Casopis,
publisher = {The Bilingual Review},
year = {2003- . Vychádza mesačne},
title = {HIEROGLYPHS},
issn = " 0094-5366",
address = "New York"
}

//1.Monografia (cudzojazycna)
@Book{Anglicka_Kniha,
AUTHOR = "Mark Collier,Bill Manley",
TITLE = "How to Read Egyptian Hieroglyphs",
PUBLISHER = "British Museum Press",
YEAR = "1998",
ADDRESS = "Berkeley",
ISBN = "0-520-23949-0 "}

//2.Monografia (cudzojazycna)
@Book{Kniha,
AUTHOR = "James P. Allen",
TITLE = "An Introduction to the Language of Hieroglyphs",
PUBLISHER = "Cambridge University Press",
YEAR = "2010",
ADDRESS = "New York",
ISBN = "978-0-531-51796-6"}

//-- MONOGRAFIE DONE --
//----------------------------------------------------



//1.Arcticle
@Article{Thomas_Description,
author = "Oldham, Y",
title = "Thomas Young.",
journal = "British Medical Journal",
year = "1974",
number = "5937",
volume = "4",
pages = "150",
issn = "0007-1447",
}

//2.Arcticle
@Article{Jean_Description,
AUTHOR = "Robinson, Andrew",
TITLE = "Jean-François Champollion and ancient Egyptian embalming",
JOURNAL = "The Lancet",
YEAR = "2012",
NUMBER = "9828",
VOLUME = "379",
PAGES = "1782-1783",
ISSN = "0140-6736",
}

//-- CLANKY DONE --
//---------------------------------------------------------

//1.Kvalifickacna praca
@MasterThesis{bc_praca_1,
AUTHOR = "Veronika Klečková",
TITLE = "Dějiny starověkých knižních kultur Egypta",
SCHOOL = "Západočeská univerzita v Plzni",
ADDRESS = "Plzeň",
YEAR = "2015"}

//2.Kvalifikacna praca
@MasterThesis{bc_praca_2,
AUTHOR = "Eva Jeřábková",
TITLE = "Dějiny starověké knižní kultury Egypta",
SCHOOL = "Západočeská univerzita v Plzni",
ADDRESS = "Plzeň",
YEAR = "2012"}

//-- KVALIFIKACNE PRACE DONE  --
//-------------------------------------------------------------------
